@article{marcus2016wisedb,
  title={WiSeDB: a learning-based workload management advisor for cloud databases},
  author={Marcus, Ryan and Papaemmanouil, Olga},
  journal={Proceedings of the VLDB Endowment},
  volume={9},
  number={10},
  pages={780--791},
  year={2016},
  publisher={VLDB Endowment}
}
@article{chi2011icbs,
  title={iCBS: incremental cost-based scheduling under piecewise linear SLAs},
  author={Chi, Yun and Moon, Hyun Jin and Hacig{\"u}m{\"u}{\c{s}}, Hakan},
  journal={Proceedings of the VLDB Endowment},
  volume={4},
  number={9},
  pages={563--574},
  year={2011},
  publisher={VLDB Endowment}
}
@inproceedings{chi2011sla,
  title={SLA-tree: a framework for efficiently supporting SLA-based decisions in cloud computing},
  author={Chi, Yun and Moon, Hyun Jin and Hacig{\"u}m{\"u}{\c{s}}, Hakan and Tatemura, Junichi},
  booktitle={Proceedings of the 14th International Conference on Extending Database Technology},
  pages={129--140},
  year={2011},
  organization={ACM}
}
@inproceedings{mahmoud2013cloudoptimizer,
  title={CloudOptimizer: Multi-tenancy for I/O-bound OLAP workloads},
  author={Mahmoud, Hatem A and Moon, Hyun Jin and Chi, Yun and Hac{\i}g{\"u}m{\"u}{\c{s}}, Hakan and Agrawal, Divyakant and El-Abbadi, Amr},
  booktitle={Proceedings of the 16th International Conference on Extending Database Technology},
  pages={77--88},
  year={2013},
  organization={ACM}
}
@inproceedings{tozer2010q,
  title={Q-Cop: Avoiding bad query mixes to minimize client timeouts under heavy loads},
  author={Tozer, Sean and Brecht, Tim and Aboulnaga, Ashraf},
  booktitle={Data Engineering (ICDE), 2010 IEEE 26th International Conference on},
  pages={397--408},
  year={2010},
  organization={IEEE}
}
@article{hart1968formal,
  title={A formal basis for the heuristic determination of minimum cost paths},
  author={Hart, Peter E and Nilsson, Nils J and Raphael, Bertram},
  journal={IEEE transactions on Systems Science and Cybernetics},
  volume={4},
  number={2},
  pages={100--107},
  year={1968},
  publisher={IEEE}
}
@article{quinlan1987simplifying,
  title={Simplifying decision trees},
  author={Quinlan, J. Ross},
  journal={International journal of man-machine studies},
  volume={27},
  number={3},
  pages={221--234},
  year={1987},
  publisher={Elsevier}
}
@article{liaw2002classification,
  title={Classification and regression by randomForest},
  author={Liaw, Andy and Wiener, Matthew and others},
  journal={R news},
  volume={2},
  number={3},
  pages={18--22},
  year={2002}
}
@article{suykens1999least,
  title={Least squares support vector machine classifiers},
  author={Suykens, Johan AK and Vandewalle, Joos},
  journal={Neural processing letters},
  volume={9},
  number={3},
  pages={293--300},
  year={1999},
  publisher={Springer}
}
@article{council2008tpc,
  title={TPC-H benchmark specification},
  author={Council, Transaction Processing Performance},
  journal={Published at http://www. tcp. org/hspec. html},
  volume={21},
  pages={592--603},
  year={2008}
}
@inproceedings{xiong2011intelligent,
  title={Intelligent management of virtualized resources for database systems in cloud environment},
  author={Xiong, Pengcheng and Chi, Yun and Zhu, Shenghuo and Moon, Hyun Jin and Pu, Calton and Hacig{\"u}m{\"u}{\c{s}}, Hakan},
  booktitle={Data Engineering (ICDE), 2011 IEEE 27th International Conference on},
  pages={87--98},
  year={2011},
  organization={IEEE}
}
@inproceedings{xiong2011activesla,
  title={ActiveSLA: a profit-oriented admission control framework for database-as-a-service providers},
  author={Xiong, Pengcheng and Chi, Yun and Zhu, Shenghuo and Tatemura, Junichi and Pu, Calton and Hacig{\"u}m{\"u}{\c{S}}, Hakan},
  booktitle={Proceedings of the 2nd ACM Symposium on Cloud Computing},
  pages={15},
  year={2011},
  organization={ACM}
}
@article{pedregosa2011scikit,
  title={Scikit-learn: Machine learning in Python},
  author={Pedregosa, Fabian and Varoquaux, Ga{\"e}l and Gramfort, Alexandre and Michel, Vincent and Thirion, Bertrand and Grisel, Olivier and Blondel, Mathieu and Prettenhofer, Peter and Weiss, Ron and Dubourg, Vincent and others},
  journal={Journal of machine learning research},
  volume={12},
  number={Oct},
  pages={2825--2830},
  year={2011}
}
@article{chollet2013keras,
  title={Keras deep learning library for python. convnets, recurrent neural networks, and more. runs on theano and tensorflow},
  author={Chollet, Fran{\c{c}}ois},
  journal={GitHub repository},
  year={2013}
}
@article{maind2014research,
  title={Research paper on basic of artificial neural network},
  author={Maind, Sonali B and Wankar, Priyanka and others},
  journal={International Journal on Recent and Innovation Trends in Computing and Communication},
  volume={2},
  number={1},
  pages={96--100},
  year={2014}
}
@inproceedings{hwang2012minimizing,
  title={Minimizing cost of virtual machines for deadline-constrained mapreduce applications in the cloud},
  author={Hwang, Eunji and Kim, Kyong Hoon},
  booktitle={Proceedings of the 2012 ACM/IEEE 13th International Conference on Grid Computing},
  pages={130--138},
  year={2012},
  organization={IEEE Computer Society}
}
@misc{maryland1996hadoop,
  title={The Hadoop Distributed File System: Architecture and Design},
  author={Maryland, September},
  year={1996},
  publisher={WebSite}
}